@Article{OTSA,
	author = {Giorgilli A., Skokos C.},
	title = {On the stability of the Troian asteroids},
	journal = {Astron. and astrophysics},
	year = {1997},
	OPTkey = {key},
	OPTvolume = {volume},
	OPTnumber = {number},
	OPTpages = {pages},
	OPTmonth = {month},
	OPTnote = {note},
	OPTannote = {annote},
}

@Article{1989,
	author = {Giorgilli, Delshams, Fontich, Galgani, Sim√≤},
	title = {Eff. Stability for a Hamiltonian System near an ELliptic Equilibrium Point, with an Application to the RTBP},
	journal = {J. Of Differential Equations},
	year = {1989},
	OPTkey = {key},
	OPTvolume = {volume},
	OPTnumber = {number},
	OPTpages = {pages},
	OPTmonth = {month},
	OPTnote = {note},
	OPTannote = {annote},
}

@Article{1977,
	author = {Giorgilli,Galgani},
	title = {Formal Integral For An Autonomous Hamiltonian System Near An Equilibrium Point},
	journal = {Cel. Mechanics},
	year = {1977},
	OPTkey = {key},
	OPTvolume = {volume},
	OPTnumber = {number},
	OPTpages = {pages},
	OPTmonth = {month},
	OPTnote = {note},
	OPTannote = {annote},
}

@mvbook{Benettin1,
	author = {Giancarlo Benettin},
	title = {Applicazione del teorema di Nekhoroshev alla meccanica celeste},
	date = {date},
	OPTeditor = {editor},
	OPTeditora = {editora},
	OPTeditorb = {editorb},
	OPTeditorc = {editorc},
	OPTtranslator = {translator},
	OPTannotator = {annotator},
	OPTcommentator = {commentator},
	OPTintroduction = {introduction},
	OPTforeword = {foreword},
	OPTafterword = {afterword},
	OPTsubtitle = {subtitle},
	OPTtitleaddon = {titleaddon},
	OPTlanguage = {language},
	OPToriglanguage = {origlanguage},
	OPTedition = {edition},
	OPTvolumes = {volumes},
	OPTseries = {series},
	OPTnumber = {number},
	OPTnote = {note},
	OPTpublisher = {publisher},
	OPTlocation = {location},
	OPTisbn = {isbn},
	OPTpagetotal = {pagetotal},
	OPTaddendum = {addendum},
	OPTpubstate = {pubstate},
	OPTdoi = {doi},
	OPTeprint = {eprint},
	OPTeprintclass = {eprintclass},
	OPTeprinttype = {eprinttype},
	OPTurl = {url},
	OPTurldate = {urldate},
}


@Article{Benettin,
	author = {Giancarlo Benettin},
	title = {Applicazione del teorema di Nekhoroshev alla meccanica celeste},
	journal = {Bollettino Unione Matematica Italiana (8)},
	year = {2001},
	OPTkey = {key},
	OPTvolume = {4-B},
	OPTnumber = {1},
	OPTpages = {71-95},
	OPTmonth = {month},
	OPTnote = {note},
	OPTannote = {annote},
}

